%% This BibTeX bibliography file was created using BibDesk.
%% http://bibdesk.sourceforge.net/


%% Created for Jos√© Pedro Moreira at 2013-12-15 16:38:05 +0000 


%% Saved with string encoding Unicode (UTF-8) 



@webpage{HooDooWebsite,
	Date-Added = {2013-12-15 16:19:49 +0000},
	Date-Modified = {2013-12-15 16:20:52 +0000},
	Lastchecked = {15},
	Month = {December},
	Url = {http://www.jaapsch.net/puzzles/hoodoo.htm},
	Year = {2013},
	Bdsk-Url-1 = {http://www.jaapsch.net/puzzles/hoodoo.htm}}

@manual{sicstus-manual,
	Date-Added = {2013-12-15 16:16:22 +0000},
	Date-Modified = {2013-12-15 16:18:32 +0000},
	Month = {December},
	Organization = {Sicstus},
	Title = {Sicstus_User_Manual},
	Year = {2013},
	Bdsk-File-1 = {YnBsaXN0MDDUAQIDBAUGJCVYJHZlcnNpb25YJG9iamVjdHNZJGFyY2hpdmVyVCR0b3ASAAGGoKgHCBMUFRYaIVUkbnVsbNMJCgsMDxJXTlMua2V5c1pOUy5vYmplY3RzViRjbGFzc6INDoACgAOiEBGABIAFgAdccmVsYXRpdmVQYXRoWWFsaWFzRGF0YV8QMC4uLy4uLy4uLy4uL0Rlc2t0b3AvUExPRy9zaWNzdHVzX1VzZXJfTWFudWFsLnBkZtIXCxgZV05TLmRhdGFPEQGkAAAAAAGkAAIAAAxNYWNpbnRvc2ggSEQAAAAAAAAAAAAAAAAAAADOFD8iSCsAAAARTv0Xc2ljc3R1c19Vc2VyX01hbnVhbC5wZGYAAAAAAAAAAAAAAAAAAAAAAAAAAAAAAAAAAAAAAAAAAAAAAAAAAAAAADgScc6cZA4AAAAAAAAAAAAEAAMAAAkgAAAAAAAAAAAAAAAAAAAABFBMT0cAEAAIAADOFDESAAAAEQAIAADOnGQOAAAAAQAQABFO/QAFwQkABcCbAAISKQACAEBNYWNpbnRvc2ggSEQ6VXNlcnM6AG1wcGw6AERlc2t0b3A6AFBMT0c6AHNpY3N0dXNfVXNlcl9NYW51YWwucGRmAA4AMAAXAHMAaQBjAHMAdAB1AHMAXwBVAHMAZQByAF8ATQBhAG4AdQBhAGwALgBwAGQAZgAPABoADABNAGEAYwBpAG4AdABvAHMAaAAgAEgARAASAC9Vc2Vycy9tcHBsL0Rlc2t0b3AvUExPRy9zaWNzdHVzX1VzZXJfTWFudWFsLnBkZgAAEwABLwAAFQACAAv//wAAgAbSGxwdHlokY2xhc3NuYW1lWCRjbGFzc2VzXU5TTXV0YWJsZURhdGGjHR8gVk5TRGF0YVhOU09iamVjdNIbHCIjXE5TRGljdGlvbmFyeaIiIF8QD05TS2V5ZWRBcmNoaXZlctEmJ1Ryb290gAEACAARABoAIwAtADIANwBAAEYATQBVAGAAZwBqAGwAbgBxAHMAdQB3AIQAjgDBAMYAzgJ2AngCfQKIApECnwKjAqoCswK4AsUCyALaAt0C4gAAAAAAAAIBAAAAAAAAACgAAAAAAAAAAAAAAAAAAALk}}
