%% This BibTeX bibliography file was created using BibDesk.
%% http://bibdesk.sourceforge.net/


%% Created for Jos√© Pedro Moreira at 2013-12-15 16:51:04 +0000 


%% Saved with string encoding Unicode (UTF-8) 



@manual{sicstusManual,
	Address = {SE 164 29 Kista, Sweden},
	Author = {Sicstus},
	Date-Added = {2013-12-15 16:45:26 +0000},
	Date-Modified = {2013-12-15 16:51:04 +0000},
	Edition = {4.2.1},
	Month = {February},
	Organization = {Sicstus},
	Title = {Sicstus User Manual},
	Year = {2012}}

@misc{hooDoo,
	Author = {Jaap},
	Date-Modified = {2013-12-15 16:44:54 +0000},
	Howpublished = {\url{http://www.jaapsch.net/puzzles/hoodoo.htm}},
	Note = {[Online; accessed 15-Dezembro-2013]},
	Title = {{Hoo Doo}}}
